@book{smith2010data,
  author    = {John Smith},
  title     = {Data Analysis in Engineering},
  year      = {2010},
  publisher = {Springer},
}

@article{johnson2015gps,
  author  = {Alice Johnson},
  title   = {Performance of GPS in Urban Environments},
  journal = {Journal of GNSS Studies},
  year    = {2015},
  volume  = {12},
  number  = {3},
  pages   = {45-58},
}

@inproceedings{doe2018antenna,
  author    = {Jane Doe},
  title     = {Optimizing Log-Periodic Antennas for Radar Applications},
  booktitle = {Proceedings of the Radar Symposium},
  year      = {2018},
  pages     = {123-130},
}